@article{RJ-2019-001,
  author = {Armin Str√∂bel},
  title = {{atable: Create Tables for Clinical Trial Reports}},
  year = {2019},
  journal = {{The R Journal}},
  doi = {10.32614/RJ-2019-001},
  url = {https://doi.org/10.32614/RJ-2019-001},
  pages = {137--148},
  volume = {11},
  number = {1}
}

